@article{AlaimoK1998Fiei,
	address = {Washington, DC},
	author = {Alaimo, K and Briefel, R R and Frongillo, E A, Jr and Olson, C M},
	copyright = {1998 INIST-CNRS},
	issn = {0090-0036},
	journal = {American journal of public health (1971)},
	language = {eng},
	number = {3},
	pages = {419--426},
	publisher = {Am Public Health Assoc},
	title = {Food insufficiency exists in the United States: results from the third National Health and Nutrition Examination Survey (NHANES III)},
	volume = {88},
	year = {1998}
},


@book{NordMark2014PoUf,
	author = {Nord, Mark},
	language = {eng},
	series = {Economic research report (United States. Department of Agriculture. Economic Research Service},
	number = {167},
	title = {Prevalence of U.S. food insecurity is related to changes in unemployment, inflation, and the price of food / Mark Nord ; Alisha Coleman-Jensen ; and Christian Gregory.},
	year = {2014}
},


@article{RoseDonald1998SDoF,
	address = {St. Louis},
	author = {Rose, Donald and Gundersen, Craig and Oliveira, Victor},
	copyright = {Copyright FEDERAL RESERVE BANK OF ST LOUIS 1998},
	journal = {IDEAS Working Paper Series from RePEc},
	language = {eng},
	publisher = {Federal Reserve Bank of St Louis},
	title = {Socio-Economic Determinants of Food Insecurity in the United States},
	year = {1998}
},


@article{WalkerRebekahJ.2021TiFI,
	address = {140 Huguenot Street, 3rd FloorNew Rochelle, NY 10801USA},
	author = {Walker, Rebekah J. and Garacci, Emma and Dawson, Aprill Z. and Williams, Joni S. and Ozieh, Mukoso and Egede, Leonard E.},
	copyright = {2021, Mary Ann Liebert, Inc., publishers},
	issn = {1942-7891},
	journal = {Population health management},
	language = {eng},
	number = {4},
	pages = {496--501},
	publisher = {Mary Ann Liebert, Inc., publishers},
	title = {Trends in Food Insecurity in the United States from 2011--2017: Disparities by Age, Sex, Race/Ethnicity, and Income},
	volume = {24},
	year = {2021}
},


@article{WarsawPhillip;PhaneufDanielJ.2019TIPo,
	address = {[Madison, Wis. :},
	author = {Warsaw, Phillip;Phaneuf, Daniel J.},
	issn = {0023-7639},
	journal = {Land economics},
	number = {4},
	pages = {515},
	publisher = {University of Wisconsin,},
	title = {The Implicit Price of Food Access in an Urban Area: Evidence from Milwaukee Property Markets},
	volume = {95},
	year = {2019}
},


